<?xml version="1.0" encoding="UTF-8"?><record xmlns="http://www.loc.gov/MARC21/slim" xmlns:cinclude="http://apache.org/cocoon/include/1.0" xmlns:zs="http://www.loc.gov/zing/srw/">
  <leader>00533cz  a2200133n  4500</leader>
  <controlfield tag="001">n 2011214884</controlfield>
  <controlfield tag="003">DLC</controlfield>
  <controlfield tag="005">20110909075124.0</controlfield>
  <controlfield tag="008">110908n| acannaabn          |a aaa      </controlfield>
  <datafield tag="010" ind1=" " ind2=" ">
    <subfield code="a">n 2011214884</subfield>
  </datafield>
  <datafield tag="040" ind1=" " ind2=" ">
    <subfield code="a">DLC</subfield>
    <subfield code="b">eng</subfield>
    <subfield code="c">DLC</subfield>
  </datafield>
  <datafield tag="100" ind1="1" ind2=" ">
    <subfield code="a">Pereira, Áderson Guimarães</subfield>
  </datafield>
  <datafield tag="400" ind1="1" ind2=" ">
    <subfield code="a">Guimarães Pereira, Áderson</subfield>
  </datafield>
  <datafield tag="670" ind1=" " ind2=" ">
    <subfield code="a">O direito e o ensino aplicados à segurança contra incêndios, 2011:</subfield>
    <subfield code="b">t.p. (Áderson Guimarães Pereira; ms. em políticas sociais (UNICSUL/SP); doutorando em ensino de ciências e matemática, UNICSUL/SP)</subfield>
  </datafield>
</record>